@article{motamed2018multiorder,
  title={A MultiOrder Discontinuous Galerkin Monte Carlo Method for Hyperbolic Problems with Stochastic Parameters},
  author={Motamed, Mohammad and Appelo, Daniel},
  journal={SIAM Journal on Numerical Analysis},
  volume={56},
  number={1},
  pages={448--468},
  year={2018},
  publisher={SIAM}
}
@article{motamed2013stochastic,
	title={A stochastic collocation method for the second order wave equation with a discontinuous random speed},
	author={Motamed, Mohammad and Nobile, Fabio and Tempone, Ra{\'u}l},
	journal={Numerische Mathematik},
	volume={123},
	number={3},
	pages={493--536},
	year={2013},
	publisher={Springer}
}
@article{motamed2015analysis,
	title={Analysis and computation of the elastic wave equation with random coefficients},
	author={Motamed, Mohammad and Nobile, Fabio and Tempone, Ra{\'u}l},
	journal={Computers \& Mathematics with Applications},
	volume={70},
	number={10},
	pages={2454--2473},
	year={2015},
	publisher={Elsevier}
}
@article{komatitsch1999introduction,
	title={Introduction to the spectral element method for three-dimensional seismic wave propagation},
	author={Komatitsch, Dimitri and Tromp, Jeroen},
	journal={Geophysical journal international},
	volume={139},
	number={3},
	pages={806--822},
	year={1999},
	publisher={Blackwell Publishing Ltd Oxford, UK}
}
@misc{hormander1985analysis,
	title={The analysis of linear partial differential operators. III, volume 274 of Grundlehren der Mathematischen Wissenschaften [Fundamental Principles of Mathematical Sciences]},
	author={H{\"o}rmander, Lars},
	year={1985},
	publisher={Springer-Verlag, Berlin}
}
@article{stuart2010inverse,
	title={Inverse problems: a Bayesian perspective},
	author={Stuart, Andrew M},
	journal={Acta Numerica},
	volume={19},
	pages={451--559},
	year={2010},
	publisher={Cambridge University Press}
}
@article{hoang2013complexity,
	title={Complexity analysis of accelerated MCMC methods for Bayesian inversion},
	author={Hoang, Viet Ha and Schwab, Christoph and Stuart, Andrew M},
	journal={Inverse Problems},
	volume={29},
	number={8},
	pages={085010},
	year={2013},
	publisher={IOP Publishing}
}
@book{kaipio2006statistical,
	title={Statistical and computational inverse problems},
	author={Kaipio, Jari and Somersalo, Erkki},
	volume={160},
	year={2006},
	publisher={Springer Science \& Business Media}
}

@article{wright1999numerical,
	title={Numerical optimization},
	author={Wright, Stephen and Nocedal, Jorge},
	journal={Springer Science},
	volume={35},
	number={67-68},
	pages={7},
	year={1999}
}
@book{asmussen2007stochastic,
	title={Stochastic simulation: algorithms and analysis},
	author={Asmussen, S{\o}ren and Glynn, Peter W},
	volume={57},
	year={2007},
	publisher={Springer Science \& Business Media}
}
@book{kroese2013handbook,
	title={Handbook of monte carlo methods},
	author={Kroese, Dirk P and Taimre, Thomas and Botev, Zdravko I},
	volume={706},
	year={2013},
	publisher={John Wiley \& Sons}
}
@book{brooks2011handbook,
	title={Handbook of markov chain monte carlo},
	author={Brooks, Steve and Gelman, Andrew and Jones, Galin and Meng, Xiao-Li},
	year={2011},
	publisher={CRC press}
}
@book{robert2010introducing,
	title={Introducing monte carlo methods with r},
	author={Robert, Christian P and Casella, George and Casella, George},
	volume={18},
	year={2010},
	publisher={Springer}
}
@article{dodwell2015hierarchical,
	title={A hierarchical multilevel Markov chain Monte Carlo algorithm with applications to uncertainty quantification in subsurface flow},
	author={Dodwell, Tim J and Ketelsen, Chris and Scheichl, Robert and Teckentrup, 
	Aretha L},
	journal={SIAM/ASA Journal on Uncertainty Quantification},
	volume={3},
	number={1},
	pages={1075--1108},
	year={2015},
	publisher={SIAM}
}
@article{giles2008multilevel,
	title={Multilevel Monte Carlo Path Simulation},
	author={Giles, Michael B},
	journal={Operations Research},
	volume={56},
	number={3},
	pages={607--617},
	year={2008},
	publisher={INFORMS}
}
@article{kocher2014variational,
	title={Variational space--time methods for the wave equation},
	author={K{\"o}cher, Uwe and Bause, Markus},
	journal={Journal of Scientific Computing},
	volume={61},
	number={2},
	pages={424--453},
	year={2014},
	publisher={Springer}
}
@misc{lions1972non,
	title={Non-homogeneous boundary value problems, Vol. 1},
	author={Lions, JL and Magenes, E},
	year={1972},
	publisher={Springer}
}
@incollection{joly2003variational,
	title={Variational methods for time-dependent wave propagation problems},
	author={Joly, Patrick},
	booktitle={Topics in computational wave propagation},
	pages={201--264},
	year={2003},
	publisher={Springer}
}
@book{jovanovic2013analysis,
	title={Analysis of finite difference schemes: for linear partial differential equations with generalized solutions},
	author={Jovanovi{\'c}, Bo{\v{s}}ko S and S{\"u}li, Endre},
	volume={46},
	year={2013},
	publisher={Springer Science \& Business Media}
}
@book{raviart1998introduction,
	title={Introduction {\`a} l'analyse num{\'e}rique des {\'e}quations aux d{\'e}riv{\'e}es partielles},
	author={Raviart, Pierre-Arnaud and Thomas, Jean-Marie and Ciarlet, Philippe G and Lions, Jacques Louis},
	volume={2},
	year={1998},
	publisher={Dunod Paris}
}
@article{oliveira2018error,
	title={Error analysis of the spectral element method with Gauss--Lobatto--Legendre points for the acoustic wave equation in heterogeneous media},
	author={Oliveira, Saulo Pomponet and Leite, Stela Angelozi},
	journal={Applied Numerical Mathematics},
	volume={129},
	pages={39--57},
	year={2018},
	publisher={Elsevier}
}

@article{schillings2018,
title={ On the Convergence of Laplace’s
Approximation and Its Implications for Bayesian Computation}
author={Schillings C, Sprungk B and Wacker P }
journal={in preparation}
year={2018}
}
@article{tromp2005seismic,
	title={Seismic tomography, adjoint methods, time reversal and banana-doughnut kernels},
	author={Tromp, Jeroen and Tape, Carl and Liu, Qinya},
	journal={Geophysical Journal International},
	volume={160},
	number={1},
	pages={195--216},
	year={2005},
	publisher={Blackwell Publishing Ltd Oxford, UK}
}
@article{burstedde2009algorithmic,
	title={Algorithmic strategies for full waveform inversion: 1D experiments},
	author={Burstedde, Carsten and Ghattas, Omar},
	journal={Geophysics},
	volume={74},
	number={6},
	pages={WCC37--WCC46},
	year={2009},
	publisher={Society of Exploration Geophysicists}
}
@article{Madrigal2018ssi,
	title={Multi-Level Markov Chain Monte Carlo for Bayesian Inversion Involving the Elastic Wave Equation},
	author={Madrigal Cianci,Juan Pablo and Krumscheid, Sebastian, and Tempone, Ra\'ul and Nobile, Fabio},
	journal={Work in progress},
	year={2018},
}
@article{liu2004spectral,
	title={Spectral-element moment tensor inversions for earthquakes in southern California},
	author={Liu, Qinya and Polet, Jascha and Komatitsch, Dimitri and Tromp, Jeroen},
	journal={Bulletin of the Seismological Society of America},
	volume={94},
	number={5},
	pages={1748--1761},
	year={2004},
	publisher={Seismological Society of America}
}
@article{beresnev2003uncertainties,
	title={Uncertainties in finite-fault slip inversions: to what extent to believe?(a critical review)},
	author={Beresnev, Igor A},
	journal={Bulletin of the Seismological Society of America},
	volume={93},
	number={6},
	pages={2445--2458},
	year={2003},
	publisher={Seismological Society of America}
}
@article{shao2011focal,
	title={Focal mechanism and slip history of the 2011 M w 9.1 off the Pacific coast of Tohoku Earthquake, constrained with teleseismic body and surface waves},
	author={Shao, Guangfu and Li, Xiangyu and Ji, Chen and Maeda, Takahiro},
	journal={Earth, planets and space},
	volume={63},
	number={7},
	pages={9},
	year={2011},
	publisher={Springer}
}
@article{hayes2011rapid,
	title={Rapid source characterization of the 2011 M w 9.0 off the Pacific coast of Tohoku earthquake},
	author={Hayes, Gavin P},
	journal={Earth, planets and space},
	volume={63},
	number={7},
	pages={4},
	year={2011},
	publisher={SpringerOpen}
}
@article{SRCMOD,
	title={SRCMOD: An online database of finite-fault rupture models},
	author={Mai, Martin, and K Thingbaijam}
   journal{Seismological Research Letters}
	year={ 2014}
	website={http://equake-rc.info/SRCMOD/about/}
}


@article{bui2013computational,
	title={A computational framework for infinite-dimensional Bayesian inverse problems Part I: The linearized case, with application to global seismic inversion},
	author={Bui-Thanh, Tan and Ghattas, Omar and Martin, James and Stadler, Georg},
	journal={SIAM Journal on Scientific Computing},
	volume={35},
	number={6},
	pages={A2494--A2523},
	year={2013},
	publisher={SIAM}
}
@article{minson2013bayesian,
	title={Bayesian inversion for finite fault earthquake source models I—Theory and algorithm},
	author={Minson, SE and Simons, M and Beck, JL},
	journal={Geophysical Journal International},
	volume={194},
	number={3},
	pages={1701--1726},
	year={2013},
	publisher={Oxford University Press}
}
@article{jasra2018multi,
	title={A Multi-Index Markov Chain Monte Carlo Method},
	author={Jasra, Ajay and Kamatani, Kengo and Law, Kody JH and Zhou, Yan},
	journal={International Journal for Uncertainty Quantification},
	volume={8},
	number={1},
	year={2018},
	publisher={Begel House Inc.}
}
@article{haji2016multi,
	title={Multi-index Monte Carlo: when sparsity meets sampling},
	author={Haji-Ali, Abdul-Lateef and Nobile, Fabio and Tempone, Ra{\'u}l},
	journal={Numerische Mathematik},
	volume={132},
	number={4},
	pages={767--806},
	year={2016},
	publisher={Springer}
}

@article{parno2016multiscale,
	title={A multiscale strategy for Bayesian inference using transport maps},
	author={Parno, Matthew and Moselhy, Tarek and Marzouk, Youssef},
	journal={SIAM/ASA Journal on Uncertainty Quantification},
	volume={4},
	number={1},
	pages={1160--1190},
	year={2016},
	publisher={SIAM}
}

@article{parno2018transport,
	title={Transport map accelerated markov chain monte carlo},
	author={Parno, Matthew D and Marzouk, Youssef M},
	journal={SIAM/ASA Journal on Uncertainty Quantification},
	volume={6},
	number={2},
	pages={645--682},
	year={2018},
	publisher={SIAM}
}

@article{marzouk2016introduction,
	title={An introduction to sampling via measure transport},
	author={Marzouk, Youssef and Moselhy, Tarek and Parno, Matthew and Spantini, Alessio},
	journal={arXiv preprint arXiv:1602.05023},
	year={2016}
}
@article{latz2017multilevel,
	title={Multilevel Sequential$^2$ Monte Carlo for Bayesian Inverse Problems},
	author={Latz, Jonas and Papaioannou, Iason and Ullmann, Elisabeth},
	journal={arXiv preprint arXiv:1709.09763},
	year={2017}
}
@article{andrieu2009pseudo,
	title={The pseudo-marginal approach for efficient Monte Carlo computations},
	author={Andrieu, Christophe and Roberts, Gareth O and others},
	journal={The Annals of Statistics},
	volume={37},
	number={2},
	pages={697--725},
	year={2009},
	publisher={Institute of Mathematical Statistics}
}